@book{Bussab2017,
    author = {Bussab, Morretin},
    title = {Estatística Básica},
    publisher = {Saraiva Uni},
    year = {2017} 
}
@book{Eisenstein2002,
    author = {Sergei Eisenstein},
    title = {O sentido do Filme},
    publisher = {arrangement with Harcourt Brace Jovanovich, Inc.},
    year = {2002} 
}

@article{Cinema,
  author = {Mateus Moura, Edson Renato},
  title = {A CONSTRUÇÃO DO CONHECIMENTO E O CINEMA: ASPECTOS FILOSÓFICOS ENCONTRADOS NOS FILMES},
  journal = {REVISTA LIVRE DE CINEMA - Edição Especial / DOSSIÊ CINEMA E FILOSOFIA - ARTIGOS},
  volume = {4},
  year = {2017}
}

@inbook{Bussab2017Cap3,
  author    = {Bussab, Wilton de O. and Morretin, Paulo A.},
  title     = {Estatística Básica},
  chapter   = {3},
  pages     = {45--67},
  publisher = {Saraiva Uni},
  year      = {2017},
  address   = {São Paulo}
}

@online{marvel2024,
  author       = {Marvel},
  title        = {Ordem de ver a Saga Vingadores},
  year         = {2024},
  url          = {https://www.claro.com.br/faq/news/entretenimento/assistir-vingadores?srsltid=AfmBOorwVYpOazr07yHn7KEOdRLXAothuH0HnmDbCqOBEFxIIyvQst01},
}

@online{dados2025,
  author       = {Kaggle},
  title        = {Banco de dados dos filmes},
  year         = {2025},
  url          = {https://www.kaggle.com/},
}